% Encoding: UTF-8

@Article{Kouro2012,
  author   = {S. Kouro and J. Rodriguez and B. Wu and S. Bernet and M. Perez},
  title    = {Powering the Future of Industry: High-Power Adjustable Speed Drive Topologies},
  journal  = {IEEE Industry Applications Magazine},
  year     = {2012},
  volume   = {18},
  number   = {4},
  pages    = {26-39},
  month    = {July},
  issn     = {1077-2618},
  doi      = {10.1109/MIAS.2012.2192231},
  file     = {:31.PowerS\\kouro2012.pdf:PDF},
  keywords = {industries;power convertors;variable speed drives;HP-ASD technology;MV operation;drive configurations;future industry;high-power adjustable speed drive topologies;industrial applications;life-cycle costs;megawatt range;power converters;power quality;Cost benefit analysis;Industrial processes;Insulated gate bipolar transistors;Logic gates;Power conversion;Rectifiers;Variable speed drives},
}

@Book{abad2016,
  title     = {Power Electronics and Electric Drives for Traction Applications},
  publisher = {John Wiley \& Sons, Ltd.},
  year      = {2016},
  author    = {Gonzalo Abad and Xabier Agirre},
  editor    = {Abad, Gonzalo},
  isbn      = {9781118954454},
  file      = {:31.PowerS\\abad2016.pdf:PDF},
}

@Book{steimel2008,
  title         = {Electric Traction --- Motive Power and Energy Supply: Basics and Practical Experience},
  publisher     = {Oldenbourg Industrieverlag},
  year          = {2008},
  author        = {Andreas Steimel},
  isbn          = {9783835631328},
  __markedentry = {[VMORAIS:6]},
  file          = {:31.PowerS\\steimel2008.pdf:PDF},
}

@Comment{jabref-meta: databaseType:bibtex;}
