% Encoding: UTF-8

@InProceedings{class:branch:2006,
  author        = {J. Branch and B. Szymanski and C. Giannella and Ran Wolff and H. Kargupta},
  title         = {In-Network Outlier Detection in Wireless Sensor Networks},
  booktitle     = {26th {IEEE} International Conference on Distributed Computing Systems ({ICDCS}06)},
  year          = {2006},
  publisher     = {Institute of Electrical and Electronics Engineers ({IEEE})},
  __markedentry = {[VMORAIS:1]},
  doi           = {10.1109/icdcs.2006.49},
}

@InProceedings{nn:abid:2016,
  author        = {Aymen Abid and Abdennaceur Kachouri and Adel Mahfoudhi},
  title         = {Anomaly detection through outlier and neighborhood data in Wireless Sensor Networks},
  booktitle     = {2016 2nd International Conference on Advanced Technologies for Signal and Image Processing ({ATSIP})},
  year          = {2016},
  month         = {mar},
  publisher     = {Institute of Electrical and Electronics Engineers ({IEEE})},
  __markedentry = {[VMORAIS:1]},
  doi           = {10.1109/atsip.2016.7523045},
}

@InProceedings{nn:zhuang:2006,
  author        = {Yongzhen Zhuang and Lei Chen},
  title         = {In-network outlier cleaning for data collection in sensor networks},
  booktitle     = {In CleanDB, Workshop in VLDB 2006},
  year          = {2006},
  pages         = {41--48},
  publisher     = {APPENDIX},
  __markedentry = {[VMORAIS:1]},
}

@InProceedings{class:rajasegarar:2007,
  author        = {S. Rajasegarar and C. Leckie and M. Palaniswami and J. C. Bezdek},
  title         = {Quarter Sphere Based Distributed Anomaly Detection in Wireless Sensor Networks},
  booktitle     = {2007 {IEEE} International Conference on Communications},
  year          = {2007},
  month         = {jun},
  publisher     = {Institute of Electrical and Electronics Engineers ({IEEE})},
  __markedentry = {[VMORAIS:1]},
  doi           = {10.1109/icc.2007.637},
}

@InProceedings{class:martins:2015b,
  author        = {Hugo Martins and Luis Palma and Alberto Cardoso and Paulo Gil},
  title         = {A support vector machine based technique for online detection of outliers in transient time series},
  booktitle     = {2015 10th Asian Control Conference ({ASCC})},
  year          = {2015},
  month         = {may},
  publisher     = {Institute of Electrical and Electronics Engineers ({IEEE})},
  __markedentry = {[VMORAIS:1]},
  doi           = {10.1109/ascc.2015.7244794},
}

@Article{gen:chandola:2009,
  author        = {Varun Chandola and Arindam Banerjee and Vipin Kumar},
  title         = {Anomaly detection},
  journal       = {{ACM} Computing Surveys},
  year          = {2009},
  volume        = {41},
  number        = {3},
  pages         = {1--58},
  month         = {jul},
  __markedentry = {[VMORAIS:1]},
  doi           = {10.1145/1541880.1541882},
  publisher     = {Association for Computing Machinery ({ACM})},
}

@Article{gen:zhang:2010,
  author        = {Yang Zhang and Nirvana Meratnia and Paul Havinga},
  title         = {Outlier Detection Techniques for Wireless Sensor Networks: A Survey},
  journal       = {{IEEE} Communications Surveys {\&} Tutorials},
  year          = {2010},
  volume        = {12},
  number        = {2},
  pages         = {159--170},
  __markedentry = {[VMORAIS:1]},
  doi           = {10.1109/surv.2010.021510.00088},
  publisher     = {Institute of Electrical and Electronics Engineers ({IEEE})},
}

@Article{stat:ghorbel:2015,
  author        = {Oussama Ghorbel and Walid Ayedi and Hichem Snoussi and Mohamed Abid},
  title         = {Fast and Efficient Outlier Detection Method in Wireless Sensor Networks},
  journal       = {{IEEE} Sensors Journal},
  year          = {2015},
  volume        = {15},
  number        = {6},
  pages         = {3403--3411},
  month         = {jun},
  __markedentry = {[VMORAIS:1]},
  doi           = {10.1109/jsen.2015.2388498},
  publisher     = {Institute of Electrical and Electronics Engineers ({IEEE})},
}

@InProceedings{stat:sheng:2007,
  author        = {Bo Sheng and Qun Li and Weizhen Mao and Wen Jin},
  title         = {Outlier detection in sensor networks},
  booktitle     = {Proceedings of the 8th {ACM} international symposium on Mobile ad hoc networking and computing - {MobiHoc} 07},
  year          = {2007},
  publisher     = {Association for Computing Machinery ({ACM})},
  __markedentry = {[VMORAIS:1]},
  doi           = {10.1145/1288107.1288137},
}

@InProceedings{cluster:andrade2016,
  author        = {Andrade,A. T. C. and Montez,C. and Moraes,R. and Pinto,A. R. and Vasques,F. and Da Silva,G. L.},
  title         = {Outlier detection using k-means clustering and lightweight methods for Wireless Sensor Networks},
  booktitle     = {IECON Proceedings (Industrial Electronics Conference)},
  year          = {2016},
  pages         = {4683-4688},
  __markedentry = {[VMORAIS:1]},
  language      = {English},
  url           = {www.scopus.com},
}

@InProceedings{clust:rajasegarar:2006,
  author        = {Sutharshan Rajasegarar and Christopher Leckie and Marimuthu Palaniswami and James Bezdek},
  title         = {Distributed Anomaly Detection in Wireless Sensor Networks},
  booktitle     = {2006 10th {IEEE} Singapore International Conference on Communication Systems},
  year          = {2006},
  publisher     = {Institute of Electrical and Electronics Engineers ({IEEE})},
  __markedentry = {[VMORAIS:1]},
  doi           = {10.1109/iccs.2006.301508},
}

@Article{clust:cenedese2017,
  author        = {Cenedese,A. and Luvisotto,M. and Michieletto,G.},
  title         = {Distributed Clustering Strategies in Industrial Wireless Sensor Networks},
  journal       = {IEEE Transactions on Industrial Informatics},
  year          = {2017},
  volume        = {13},
  number        = {1},
  pages         = {228-237},
  __markedentry = {[VMORAIS:1]},
  language      = {English},
  url           = {www.scopus.com},
}

@Article{class:gil:2016,
  author        = {P. Gil and H. Martins and F. Janu{\'{a}}rio},
  title         = {Detection and accommodation of outliers in Wireless Sensor Networks within a multi-agent framework},
  journal       = {Applied Soft Computing},
  year          = {2016},
  volume        = {42},
  pages         = {204--214},
  month         = {may},
  __markedentry = {[VMORAIS:1]},
  doi           = {10.1016/j.asoc.2015.12.042},
  publisher     = {Elsevier {BV}},
}

@InProceedings{spect:chatzigiannakis:2006,
  author        = {V. Chatzigiannakis and S. Papavassiliou and M. Grammatikou and B. Maglaris},
  title         = {Hierarchical Anomaly Detection in Distributed Large-Scale Sensor Networks},
  booktitle     = {11th {IEEE} Symposium on Computers and Communications ({ISCC}{\textquotesingle}06)},
  year          = {2006},
  publisher     = {Institute of Electrical and Electronics Engineers ({IEEE})},
  __markedentry = {[VMORAIS:1]},
  doi           = {10.1109/iscc.2006.1691116},
}

@InProceedings{stat:wang:2013,
  author        = {Ying Wang and Guorui Li},
  title         = {Incremental histogram based anomaly detection scheme in wireless sensor networks},
  booktitle     = {2013 {IEEE} International Conference on Signal Processing, Communication and Computing ({ICSPCC} 2013)},
  year          = {2013},
  month         = {aug},
  publisher     = {Institute of Electrical and Electronics Engineers ({IEEE})},
  __markedentry = {[VMORAIS:1]},
  doi           = {10.1109/icspcc.2013.6663899},
}

@Article{class:islam:2016,
  author        = {Raihan Ul Islam and Mohammad Shahadat Hossain and Karl Andersson},
  title         = {A novel anomaly detection algorithm for sensor data under uncertainty},
  journal       = {Soft Computing},
  year          = {2016},
  month         = {nov},
  __markedentry = {[VMORAIS:1]},
  doi           = {10.1007/s00500-016-2425-2},
  publisher     = {Springer Nature},
}

@InProceedings{class:janakiram:2006,
  author        = {D. Janakiram and V.A. Reddy and A.V.U.P. Kumar},
  title         = {Outlier Detection in Wireless Sensor Networks using Bayesian Belief Networks},
  booktitle     = {2006 1st International Conference on Communication Systems Software {\&} Middleware},
  year          = {2006},
  publisher     = {Institute of Electrical and Electronics Engineers ({IEEE})},
  __markedentry = {[VMORAIS:1]},
  doi           = {10.1109/comswa.2006.1665221},
}

@Article{class:paola:2015,
  author        = {Alessandra De Paola and Salvatore Gaglio and Giuseppe Lo Re and Fabrizio Milazzo and Marco Ortolani},
  title         = {Adaptive Distributed Outlier Detection for {WSNs}},
  journal       = {{IEEE} Transactions on Cybernetics},
  year          = {2015},
  volume        = {45},
  number        = {5},
  pages         = {902--913},
  month         = {may},
  __markedentry = {[VMORAIS:1]},
  doi           = {10.1109/tcyb.2014.2338611},
  publisher     = {Institute of Electrical and Electronics Engineers ({IEEE})},
}

@Article{class:xiang:2016,
  author        = {Y. Xiang and Y. Tang and W. Zhu},
  title         = {Mobile sensor network noise reduction and recalibration using a Bayesian network},
  journal       = {Atmospheric Measurement Techniques},
  year          = {2016},
  volume        = {9},
  number        = {2},
  pages         = {347--357},
  month         = {feb},
  __markedentry = {[VMORAIS:1]},
  doi           = {10.5194/amt-9-347-2016},
  publisher     = {Copernicus {GmbH}},
}

@InProceedings{class:xu:2012,
  author        = {Suya Xu and Caiping Hu and Lisong Wang and Guobin Zhang},
  title         = {Support Vector Machines Based on K Nearest Neighbor Algorithm for Outlier Detection in {WSNs}},
  booktitle     = {2012 8th International Conference on Wireless Communications, Networking and Mobile Computing},
  year          = {2012},
  month         = {sep},
  publisher     = {Institute of Electrical and Electronics Engineers ({IEEE})},
  __markedentry = {[VMORAIS:1]},
  doi           = {10.1109/wicom.2012.6478696},
}

@InProceedings{stat:ghorbel:2014,
  author        = {Ghorbel, O. and Abid, M. and Snoussi, H.},
  title         = {Kernel principal subspace based outlier detection method in wireless sensor networks},
  booktitle     = {2014 28th International Conference on Advanced Information Networking and Applications Workshops},
  year          = {2014},
  pages         = {737-742},
  month         = {may},
  publisher     = {Institute of Electrical and Electronics Engineers ({IEEE})},
  note          = {cited By 0},
  __markedentry = {[VMORAIS:1]},
  art_number    = {6844727},
  document_type = {Conference Paper},
  doi           = {10.1109/WAINA.2014.120},
  journal       = {Proceedings - 2014 IEEE 28th International Conference on Advanced Information Networking and Applications Workshops, IEEE WAINA 2014},
  source        = {Scopus},
  url           = {https://www.scopus.com/inward/record.uri?eid=2-s2.0-84904480408&doi=10.1109%2fWAINA.2014.120&partnerID=40&md5=ba553e4536a62a7496e496a1f7eda70c},
}

@Comment{jabref-meta: databaseType:bibtex;}
