% Encoding: UTF-8

@Conference{pilo2000,
  author        = {Pilo, E. and Rouco, L. and Fernández, A. and Hernández-Velilla, A.},
  title         = {A simulation tool for the design of the electrical supply system of high-speed railway lines},
  booktitle     = {Proceedings of the IEEE Power Engineering Society Transmission and Distribution Conference},
  year          = {2000},
  volume        = {2},
  pages         = {1053-1058},
  note          = {cited By 21},
  document_type = {Conference Paper},
  file          = {:4.Method\\pilo2000.pdf:PDF},
  journal       = {Proceedings of the IEEE Power Engineering Society Transmission and Distribution Conference},
  source        = {Scopus},
  url           = {https://www.scopus.com/inward/record.uri?eid=2-s2.0-0038492670&partnerID=40&md5=515f08ddbfb032a3416afe4261c4f5d0},
}

@Conference{almagro2017,
  author        = {Almagro, F. and Marano, A.},
  title         = {An open source software for railway electrical supply system simulation},
  booktitle     = {Procedings of International Conference on Electrical Systems for Aircraft, Railway, Ship Propulsion and Road Vehicles and International Transportation Electrification Conference},
  year          = {2017},
  note          = {cited By 0},
  art_number    = {7841397},
  document_type = {Conference Paper},
  doi           = {10.1109/ESARS-ITEC.2016.7841397},
  file          = {:4.Method\\almagro2016.pdf:PDF},
  journal       = {2016 International Conference on Electrical Systems for Aircraft, Railway, Ship Propulsion and Road Vehicles and International Transportation Electrification Conference, ESARS-ITEC 2016},
  source        = {Scopus},
  url           = {https://www.scopus.com/inward/record.uri?eid=2-s2.0-85015386541&doi=10.1109%2fESARS-ITEC.2016.7841397&partnerID=40&md5=99d8d5442b7f108af9f735e1370dfbb2},
}

@Comment{jabref-meta: databaseType:bibtex;}
