% Encoding: UTF-8

@InProceedings{martins2016,
  author    = {A. Martins and V. Morais and M. Ferreira and A. Carvalho},
  title     = {Control architecture based on {FPGA} for a renewable energy system},
  booktitle = {IECON 2016 - 42nd Annual Conference of the IEEE Industrial Electronics Society},
  year      = {2016},
  pages     = {4048-4053},
  month     = {Oct},
  doi       = {10.1109/IECON.2016.7793902},
  file      = {:5.Preliminary\\martins2016.pdf:PDF},
  keywords  = {field programmable gate arrays;microcontrollers;photovoltaic power systems;power generation control;power grids;power system transients;wind power plants;FPGA;battery storage;distributed control architectures;electric grid connection;energy sources;field programmable gate arrays;global control;microcontroller;photovoltaic energy;renewable energy system;wind energy;Energy storage;Field programmable gate arrays;Frequency estimation;Generators;Phase locked loops;Renewable energy sources;Voltage control;AC-DC converter;Digital control;FPGA;Renewable energy;Sensorless control},
}

@InProceedings{noori2013,
  author    = {H. Noori and M. Valkama},
  title     = {{Impact of VANET-based V2X communication using IEEE 802.11p on reducing vehicles traveling time in realistic large scale urban area}},
  booktitle = {2013 International Conference on Connected Vehicles and Expo ({ICCVE})},
  year      = {2013},
  pages     = {654-661},
  month     = {Dec},
  doi       = {10.1109/ICCVE.2013.6799873},
  file      = {:5.Preliminary\\noori2013.pdf:PDF},
  issn      = {2378-1289},
  keywords  = {automobiles;intelligent transportation systems;road traffic;telecommunication network planning;telecommunication network routing;vehicular ad hoc networks;wireless LAN;CTT;I2V communication;IEEE 802.11p standard;ITS;OMNET++;RSU;SUMO;V2I communication;V2V communication;VANET;VANET-based V2X communication;car to car communication;current traveling time;dynamic route planning;intelligent transportation systems;large scale urban area;microscopic traffic simulation;real-time monitoring;real-time traffic information;roadside units;traffic monitoring;vehicle to infrastructure communication;vehicle to vehicle communication;vehicle traveling time reduction;Cities and towns;Planning;Real-time systems;Roads;Vehicle dynamics;Vehicles;802.11p;Dynamic Route Planning;Intelligent Transportation Systems (ITSs);OMNET++;SUMO;VANET;Veins;vehicle-to-infrastructure communications(V2I);vehicle-to-vehicle communication (V2V)},
}

@Comment{jabref-meta: databaseType:bibtex;}
